<record><leader>00000cas a2200000 a 4500</leader><controlfield tag="001">25882626</controlfield><controlfield tag="008">920526d1890189uriudn ne      0    0eng c</controlfield><datafield ind1=" " ind2=" " tag="010"><subfield code="a">sn 92064071 </subfield></datafield><datafield ind1=" " ind2=" " tag="040"><subfield code="a">RHN</subfield><subfield code="b">eng</subfield><subfield code="c">RHN</subfield><subfield code="d">OCLCQ</subfield><subfield code="d">IUL</subfield><subfield code="d">OCLCF</subfield></datafield><datafield ind1="1" ind2=" " tag="029"><subfield code="a">AU@</subfield><subfield code="b">000020748874</subfield></datafield><datafield ind1=" " ind2=" " tag="042"><subfield code="a">pcc</subfield></datafield><datafield ind1="0" ind2="0" tag="245"><subfield code="a">Pawtucket tribune.</subfield></datafield><datafield ind1=" " ind2=" " tag="260"><subfield code="a">Pawtucket, R.I. :</subfield><subfield code="b">Martin Murray</subfield></datafield><datafield ind1=" " ind2=" " tag="300"><subfield code="a">v.</subfield></datafield><datafield ind1=" " ind2=" " tag="310"><subfield code="a">Daily (except Sunday and holidays)</subfield></datafield><datafield ind1="0" ind2=" " tag="362"><subfield code="a">Vol. 5, no. 13 (Sept. 29, 1890)-</subfield></datafield><datafield ind1=" " ind2=" " tag="588"><subfield code="a">Latest issue consulted: Vol. 14, no. 146 (September 7, 1895); Google News Archive (viewed April 11, 2017).</subfield></datafield><datafield ind1=" " ind2="0" tag="651"><subfield code="a">Pawtucket (R.I.)</subfield><subfield code="v">Newspapers.</subfield></datafield><datafield ind1=" " ind2="0" tag="651"><subfield code="a">Providence County (R.I.)</subfield><subfield code="v">Newspapers.</subfield></datafield><datafield ind1=" " ind2="4" tag="651"><subfield code="a">Pawtucket (R.I.)</subfield><subfield code="v">Newspapers.</subfield></datafield><datafield ind1=" " ind2="7" tag="655"><subfield code="a">Newspapers.</subfield><subfield code="2">fast</subfield><subfield code="0">(OCoLC)fst01423814</subfield></datafield><datafield ind1=" " ind2="7" tag="651"><subfield code="a">Rhode Island</subfield><subfield code="z">Pawtucket.</subfield><subfield code="2">fast</subfield><subfield code="0">(OCoLC)fst01206163</subfield></datafield><datafield ind1=" " ind2="7" tag="651"><subfield code="a">Rhode Island</subfield><subfield code="z">Providence County.</subfield><subfield code="2">fast</subfield><subfield code="0">(OCoLC)fst01211868</subfield></datafield><datafield ind1=" " ind2=" " tag="752"><subfield code="a">United States</subfield><subfield code="b">Rhode Island</subfield><subfield code="c">Providence</subfield><subfield code="d">Pawtucket.</subfield></datafield><datafield ind1="0" ind2="0" tag="780"><subfield code="t">Evening tribune (Pawtucket, R.I. : 1888)</subfield><subfield code="w">(DLC)sn 92064070</subfield><subfield code="w">(OCoLC)25882532</subfield></datafield><datafield ind1="0" ind2="5" tag="780"><subfield code="t">Record-visitor</subfield><subfield code="w">(DLC)sn 92064065</subfield><subfield code="w">(OCoLC)25882481</subfield></datafield><datafield ind1="0" ind2="0" tag="785"><subfield code="t">Evening tribune (Pawtucket, R.I. : 1896)</subfield><subfield code="w">(DLC)sn 92064073</subfield><subfield code="w">(OCoLC)25882724</subfield></datafield><datafield ind1="4" ind2="1" tag="856"><subfield code="u">https://news.google.com/newspapers?nid=vf0YIhSwahgC&amp;dat=18910101&amp;b_mode=2&amp;hl=en</subfield></datafield></record>